<?xml version="1.0" encoding="UTF-8"?><collection xmlns="http://www.loc.gov/MARC21/slim"><record><leader>00587nam--2200181-i-4500</leader><controlfield tag="001">000019621</controlfield><controlfield tag="002">20161230</controlfield><controlfield tag="005">20161230201033</controlfield><controlfield tag="008">060222s1000------------r-----000-0-rum-d</controlfield><datafield ind1=" " ind2=" " tag="040"><subfield code="a">IFIN-HH</subfield></datafield><datafield ind1=" " ind2=" " tag="041"><subfield code="a">rum</subfield></datafield><datafield ind1=" " ind2=" " tag="080"><subfield code="a">621.039(061.3):539.1(061.3):53(061.3)</subfield></datafield><datafield ind1="1" ind2=" " tag="110"><subfield code="a">Comitetul De Stat Pentru Energie Nucleara</subfield></datafield><datafield ind1="1" ind2="0" tag="245"><subfield code="a">Consfatuirea de lucru din 2-3 iulie 1976</subfield><subfield code="b">Program si rezumatele lucrarilor ce vor fi prezentate in sectiunile paralele</subfield></datafield><datafield ind1=" " ind2=" " tag="260"><subfield code="a">Bucuresti</subfield><subfield code="b">Centrul National De Fizica</subfield><subfield code="c">1976</subfield></datafield><datafield ind1=" " ind2=" " tag="300"><subfield code="a">358 P</subfield></datafield><datafield ind1=" " ind2=" " tag="852"><subfield code="a">43499</subfield><subfield code="c">539</subfield></datafield><datafield ind1=" " ind2=" " tag="CAT"><subfield code="a">Sys</subfield><subfield code="c">20111011</subfield><subfield code="h">111244</subfield></datafield></record></collection>